@misc{ Nobody06,
       author = "Nobody Jr",
       title = "My Article",
       year = "2006" }

@misc{compPhys,
	author = "Morten Hjorth-Jensen",
	title = "Computational Physics
		Lecture Notes Fall 2014"
	year = "2014" }

@misc{aBInitio,
	author = "Dominik Marx and Jurg Hutter",
	title = "Ab Initio Molecular Dynamics: Theory and
		Implementation",
	year = "2009"
	}

@misc{	Wiki,
	title = {Wikipedia \url{http://en.wikipedia.org/wiki/Lennard-Jones_potential}}
	howpublished={\url{http://www.test.org/doe/}}
}

